<record><leader>00000cas a2200000 a 4500</leader><controlfield tag="001">32709003</controlfield><controlfield tag="008">950626d19021907nbuwr nea     0    0eng d</controlfield><datafield ind1=" " ind2=" " tag="010"><subfield code="a">sn 95069719 </subfield></datafield><datafield ind1=" " ind2=" " tag="040"><subfield code="a">NVG</subfield><subfield code="b">eng</subfield><subfield code="c">NVG</subfield><subfield code="d">OCL</subfield><subfield code="d">OCLCQ</subfield></datafield><datafield ind1=" " ind2=" " tag="042"><subfield code="a">msc</subfield></datafield><datafield ind1=" " ind2=" " tag="043"><subfield code="a">n-us-nb</subfield></datafield><datafield ind1="0" ind2=" " tag="130"><subfield code="a">Independent (Lincoln, Neb.)</subfield></datafield><datafield ind1="1" ind2="4" tag="245"><subfield code="a">The independent.</subfield></datafield><datafield ind1="1" ind2="7" tag="246"><subfield code="a">Nebraska independent</subfield></datafield><datafield ind1=" " ind2=" " tag="260"><subfield code="a">Lincoln, Neb. :</subfield><subfield code="b">Nebraska Independent,</subfield><subfield code="c">1902-1907.</subfield></datafield><datafield ind1=" " ind2=" " tag="300"><subfield code="a">volumes</subfield></datafield><datafield ind1=" " ind2=" " tag="310"><subfield code="a">Weekly</subfield></datafield><datafield ind1=" " ind2=" " tag="336"><subfield code="a">text</subfield><subfield code="b">txt</subfield><subfield code="2">rdacontent</subfield></datafield><datafield ind1=" " ind2=" " tag="337"><subfield code="a">microform</subfield><subfield code="b">h</subfield><subfield code="2">rdamedia</subfield></datafield><datafield ind1=" " ind2=" " tag="338"><subfield code="a">microfilm reel</subfield><subfield code="b">hd</subfield><subfield code="2">rdacarrier</subfield></datafield><datafield ind1="0" ind2=" " tag="362"><subfield code="a">Vol. 14, no. 24 (Nov. 6, 1902)-20th year (Apr. 25, 1907).</subfield></datafield><datafield ind1=" " ind2=" " tag="580"><subfield code="a">Merged with: Weekly state journal (Lincoln, Neb.), and: Western swine breeder, to form: Independent farmer and western swine breeder.</subfield></datafield><datafield ind1=" " ind2=" " tag="533"><subfield code="a">Microfilm.</subfield><subfield code="m">1902-1907.</subfield><subfield code="b">[Lincoln, Neb. :</subfield><subfield code="c">Nebraska State Historical Society,</subfield><subfield code="d">1962?].</subfield><subfield code="e">4 microfilm reels ; 35 mm.</subfield></datafield><datafield ind1=" " ind2=" " tag="752"><subfield code="a">United States</subfield><subfield code="b">Nebraska</subfield><subfield code="c">Lancaster</subfield><subfield code="d">Lincoln.</subfield></datafield><datafield ind1="1" ind2=" " tag="776"><subfield code="c">Original</subfield><subfield code="w">(DLC)sn 88086144</subfield></datafield><datafield ind1="0" ind2="0" tag="780"><subfield code="t">Nebraska independent (Lincoln, Neb. : 1896)</subfield><subfield code="w">(DLC)sn 95069718</subfield></datafield><datafield ind1="1" ind2="7" tag="785"><subfield code="t">Weekly state journal (Lincoln, Neb.)</subfield><subfield code="w">(DLC)sn 95069508</subfield></datafield><datafield ind1="1" ind2="7" tag="785"><subfield code="t">Western swine breeder</subfield><subfield code="w">(DLC)sn 95069509</subfield></datafield><datafield ind1="1" ind2="7" tag="785"><subfield code="t">Independent farmer and western swine breeder</subfield><subfield code="w">(DLC)sn 95069510</subfield></datafield><datafield ind1="1" ind2=" " tag="029"><subfield code="a">AU@</subfield><subfield code="b">000011785697</subfield></datafield></record>